<?xml version="1.0" encoding="UTF-8"?><collection><record><leader>06344ntm a2200553 a 4500</leader><controlfield tag="001">006492242</controlfield><controlfield tag="003">MiAaHDL</controlfield><controlfield tag="005">20190719000000.0</controlfield><controlfield tag="006">m        d        </controlfield><controlfield tag="007">cr bn ---auaua</controlfield><controlfield tag="008">090428s1738    xx            00| ||ara d</controlfield><datafield tag="035" ind1=" " ind2=" "><subfield code="a">(MiU)006492242</subfield></datafield><datafield tag="035" ind1=" " ind2=" "><subfield code="a">sdr-miu006492242</subfield></datafield><datafield tag="040" ind1=" " ind2=" "><subfield code="a">MiU</subfield><subfield code="c">MiU</subfield><subfield code="e">amremm</subfield></datafield><datafield tag="043" ind1=" " ind2=" "><subfield code="a">n-us-mi</subfield></datafield><datafield tag="100" ind1="1" ind2=" "><subfield code="6">880-01</subfield><subfield code="a">Ibrāhīm ibn Ismāʻīl,</subfield><subfield code="d">16th cent.</subfield></datafield><datafield tag="245" ind1="1" ind2="0"><subfield code="6">880-03</subfield><subfield code="a">Sharḥ Taʻlīm al-mutaʻallim,</subfield><subfield code="f">[1150, i.e. 1738].</subfield></datafield><datafield tag="260" ind1=" " ind2=" "><subfield code="c">[1738].</subfield></datafield><datafield tag="300" ind1=" " ind2=" "><subfield code="a">62 leaves :</subfield><subfield code="b">paper ;</subfield><subfield code="c">213 x 163 (161 x 85) mm.</subfield></datafield><datafield tag="500" ind1=" " ind2=" "><subfield code="a">Shelfmark: Ann Arbor, University of Michigan, Special Collections Library, Isl. Ms. 107</subfield></datafield><datafield tag="500" ind1=" " ind2=" "><subfield code="a">Origin: As appears in colophon on p.123, transcription completed Dhū al-Qaʻadah 1150 [Feb-Mar 1738].</subfield></datafield><datafield tag="500" ind1=" " ind2=" "><subfield code="a">Accompanying materials: Cut out of a masjid inserted between pp.66-67.</subfield></datafield><datafield tag="500" ind1=" " ind2=" "><subfield code="a">Former shelfmark: British Museum, London "No. 73. Talim al-mutaallim."</subfield></datafield><datafield tag="500" ind1=" " ind2=" "><subfield code="a">Binding: Pasteboards (semi-limp) covered in laid paper with dark brown leather at spine, fore-edge flap and edges/turn-ins ; Type III binding (without flap) ; board linings in indigo laid paper ; sewn in cream thread, two stations, often broken, all quires quite loose ; in very poor condition with significant abrasion, lifting and losses of paper and leather, delamination of boards, cover detaching at spine, etc. ; repairs in wove paper ; housed in envelope.</subfield></datafield><datafield tag="500" ind1=" " ind2=" "><subfield code="a">Support: European laid paper of several types ; one type with 6-7 laid lines per cm. (vertical), chain lines spaced 30-33 mm. apart (horizontal), three crescent (tre lune) watermark (compare Heawood 869-870), thick and burnished though not very smooth ; another type much thinner and only lightly burnished, with 11 laid lines per cm. (vertical), chain lines spaced 20-23 mm. apart (horizontal), crown above band with "I P" above grapes watermark ; soiled, stained and dog-eared.</subfield></datafield><datafield tag="500" ind1=" " ind2=" "><subfield code="a">Decoration: Keywords and section headings rubricated ; occasional overlining in red.</subfield></datafield><datafield tag="500" ind1=" " ind2=" "><subfield code="a">Script: Naskh ; fine Turkish hand ; mainly sans serif, but occasional head serifs appear on lām of definite article ; strong horizontal character, adhering to baseline ; slight contrast in thickness between horizontal and vertical strokes ; many descenders flattened (mabsūṭah) ; many closed counters ; point of final nūn usually assimilated with bowl.</subfield></datafield><datafield tag="500" ind1=" " ind2=" "><subfield code="a">Layout: Written in 17 lines per page ; frame-ruled (impression of ruling board evident).</subfield></datafield><datafield tag="500" ind1=" " ind2=" "><subfield code="a">Collation: V (10), IV (18), 2 V(38), V-2 (46), V (56), III (62) ; chiefly quinions ; catchwords present ; pagination in pencil, Western numerals, supplied during digitization.</subfield></datafield><datafield tag="500" ind1=" " ind2=" "><subfield code="a">Colophon: "Scribal," triangular, reads: "وتمامه في شهر ذي القعدة الشريفة على يد اضعف العباد غفر الله له ولوالديه واحسن اليهما واليه وتاريخ السنة خمسين ومائة والف سنة ۱۱٥٠"</subfield></datafield><datafield tag="500" ind1=" " ind2=" "><subfield code="a">Explicit: "فاين تجد ذلك الكتاب فأجاب بقوله يجده من يطلبه هو كتاب مشهور ومعتبر بين العلماء فلا بد لطالب العلم من ان يجده ويتبرك بالاثار والخبار المذكورة فيه . الحمد لله على التمام والصلوة والسلام على محمد خير افضل الرسل الكرام ..."</subfield></datafield><datafield tag="500" ind1=" " ind2=" "><subfield code="a">Incipit: "الحمد لله الذي انعم علينا بانواع النعم ولطائف الاحسان ... وبعد فلما رأيت الكتاب المسمى بتعليم المتعلم ... اردت ان اشرحه شرحا ..."</subfield></datafield><datafield tag="500" ind1=" " ind2=" "><subfield code="a">Title from inscription above opening (p.2).</subfield></datafield><datafield tag="500" ind1=" " ind2=" "><subfield code="a">Ms. codex.</subfield></datafield><datafield tag="510" ind1="4" ind2=" "><subfield code="a">Brockelmann, C. GAL,</subfield><subfield code="c">SI, 837/17</subfield></datafield><datafield tag="510" ind1="4" ind2=" "><subfield code="a">Brockelmann, C. GAL,</subfield><subfield code="c">I, 462/17</subfield></datafield><datafield tag="510" ind1="4" ind2=" "><subfield code="a">M. Plessner-[J.P. Berkey]. "al- Zarnūdjī , Burhān al- Dīn." In EI2,</subfield><subfield code="c">vol. XI, p. 462, col. 2</subfield></datafield><datafield tag="520" ind1="8" ind2=" "><subfield code="a">Fine copy of Ibn Ismāʻīl's commentary on al-Zarnūjī's treatise on proper behavior for successful study, manner of instruction, attitudes to the material, and the teacher-student relationship.</subfield></datafield><datafield tag="538" ind1=" " ind2=" "><subfield code="a">Mode of access: Internet.</subfield></datafield><datafield tag="541" ind1=" " ind2=" "><subfield code="c">Purchase ;</subfield><subfield code="a">Acquired by purchase along with Abdul Hamid Collection (funds donated by Horace Rackham).</subfield><subfield code="d">1924.</subfield></datafield><datafield tag="546" ind1=" " ind2=" "><subfield code="a">Arabic.</subfield></datafield><datafield tag="561" ind1=" " ind2=" "><subfield code="a">Bookplate of British Museum, London on interior of upper cover, "British Museum, London. No. 73. Talim al-mutaallim." ; circular seal impression with figure of goat/gazelle in purple ink as well as inscription "329" in Western numerals on 'title page' (p.1) ; on blue-tinted paper pasted on ’title page’ (p.1), a detailed waqf statement in the name of al-Sayyid ʻAbd Allāh Adīb (Abdullah Edip), known as Jannatʹzādah (Cennet-zade), qāḍī of Erzurum, accompanied by his seal, reads: "وقفت وقفا صحيحا شرعيا بشرط ان لا يخرج من بيت الكتب الذي بنيته في اتصال داري ان احتاجوا اشد الاحتياج بكفيل مرعى اورهن قوي وانا الفقير اليه عز شانه السيد عبد الله اديب الشهير بجنت زاده القاضي بمدينة ارضروم عفي عنه في سنة اثنى وستين ومائتين والف" ; also on 'title page' (p.1), octagonal seal impression, fairly illegible ; octagonal seal impression on p.19 reads "رب سهل امور السيد اسماعيل ۱۲۲۲" ; octagonal seal impression on p.38-39 (difficult to make out) ; oval seal impression on p.45 reads "سيد اسمعيل ۱۲۲۲" surrounded by a decorative inscription ; on p.124 ownership statement reads "صاحب ومالك منلا على افندى" ; glosses and marginal corrections.</subfield></datafield><datafield tag="600" ind1="1" ind2="0"><subfield code="a">Zarnūjī, Burhān al-Dīn,</subfield><subfield code="d">12th/13th cent.</subfield><subfield code="t">Taʻlīm al-mutaʻallim ṭarīq al-taʻallum.</subfield></datafield><datafield tag="650" ind1=" " ind2="0"><subfield code="a">Manuscripts, Arabic</subfield><subfield code="z">Michigan</subfield><subfield code="z">Ann Arbor.</subfield></datafield><datafield tag="650" ind1=" " ind2="0"><subfield code="a">Muslims</subfield><subfield code="x">Intellectual life</subfield><subfield code="v">Early works to 1800.</subfield></datafield><datafield tag="650" ind1=" " ind2="0"><subfield code="a">Islamic education</subfield><subfield code="v">Early works to 1800.</subfield></datafield><datafield tag="650" ind1=" " ind2="0"><subfield code="a">Islamic learning and scholarship</subfield><subfield code="v">Early works to 1800.</subfield></datafield><datafield tag="773" ind1="0" ind2=" "><subfield code="a">Tiflis Collection.</subfield></datafield><datafield tag="880" ind1="1" ind2="0"><subfield code="6">245-03/</subfield><subfield code="a">شرح تعليم المتعلم,</subfield><subfield code="f">[1150ه, 1738م].</subfield></datafield><datafield tag="880" ind1="1" ind2=" "><subfield code="6">100-01/</subfield><subfield code="a">ابراهيم بن اسماعيل.</subfield></datafield><datafield tag="CID" ind1=" " ind2=" "><subfield code="a">006492242</subfield></datafield><datafield tag="DAT" ind1="0" ind2=" "><subfield code="a">20190719102634.0</subfield><subfield code="b">20190719000000.0</subfield></datafield><datafield tag="DAT" ind1="1" ind2=" "><subfield code="a">20190719090653.0</subfield><subfield code="b">2019-07-19T16:11:00Z</subfield></datafield><datafield tag="DAT" ind1="2" ind2=" "><subfield code="a">2015-10-10T18:00:06Z</subfield></datafield><datafield tag="CAT" ind1=" " ind2=" "><subfield code="a">SDR-MIU</subfield><subfield code="d">EX LIBRIS - ALEPH</subfield><subfield code="l">prepare.pl-004-008</subfield></datafield><datafield tag="FMT" ind1=" " ind2=" "><subfield code="a">BK</subfield></datafield><datafield tag="HOL" ind1=" " ind2=" "><subfield code="0">sdr-miu006492242</subfield><subfield code="a">MiU</subfield><subfield code="b">SDR</subfield><subfield code="c">MIU</subfield><subfield code="p">mdp.39015079125509</subfield><subfield code="s">MIU</subfield><subfield code="1">006492242</subfield></datafield><datafield tag="974" ind1=" " ind2=" "><subfield code="b">MIU</subfield><subfield code="c">MIU</subfield><subfield code="d">20190719</subfield><subfield code="s">lit-dlps-dc</subfield><subfield code="u">mdp.39015079125509</subfield><subfield code="y">1738</subfield><subfield code="r">pd</subfield><subfield code="q">bib</subfield><subfield code="t">non-US bib date1 &lt; 1896</subfield></datafield></record></collection>